<record><leader>00000cas a22000007a 4500</leader><controlfield tag="001">11742681</controlfield><controlfield tag="008">850227d18681869wiuwr ne      0    0eng d</controlfield><datafield ind1=" " ind2=" " tag="010"><subfield code="a">sn 85040191 </subfield></datafield><datafield ind1=" " ind2=" " tag="040"><subfield code="a">NPV</subfield><subfield code="b">eng</subfield><subfield code="c">NPV</subfield><subfield code="d">OCLCQ</subfield></datafield><datafield ind1=" " ind2=" " tag="042"><subfield code="a">msc</subfield></datafield><datafield ind1=" " ind2=" " tag="043"><subfield code="a">n-us-wi</subfield></datafield><datafield ind1=" " ind2=" " tag="045"><subfield code="a">w6w6</subfield></datafield><datafield ind1=" " ind2=" " tag="052"><subfield code="a">4123</subfield><subfield code="b">D3</subfield></datafield><datafield ind1="0" ind2="4" tag="245"><subfield code="a">The Sun Prairie ledger.</subfield></datafield><datafield ind1=" " ind2=" " tag="260"><subfield code="a">Sun Prairie, Wis. :</subfield><subfield code="b">H.S. Ehrman</subfield></datafield><datafield ind1=" " ind2=" " tag="300"><subfield code="a">v.</subfield></datafield><datafield ind1=" " ind2=" " tag="310"><subfield code="a">Weekly</subfield></datafield><datafield ind1="1" ind2=" " tag="362"><subfield code="a">Began with Dec. 24, 1868 issue; ceased in 1869.</subfield><subfield code="z">Cf. Oehlerts, d. Guide to Wis. newspapers.</subfield></datafield><datafield ind1=" " ind2=" " tag="530"><subfield code="a">Available on microfilm from The State Historical Society of Wisconsin.</subfield></datafield><datafield ind1=" " ind2=" " tag="588"><subfield code="a">Description based on: Vol. 1, no. 4 (Jan. 14, 1869).</subfield></datafield><datafield ind1=" " ind2=" " tag="752"><subfield code="a">United States</subfield><subfield code="b">Wisconsin</subfield><subfield code="c">Dane</subfield><subfield code="d">Sun Prairie.</subfield></datafield></record>